<?xml version="1.0" encoding="UTF-8"?><collection xmlns="http://www.loc.gov/MARC21/slim"><record><leader>00355nam--2200133-i-4500</leader><controlfield tag="001">000027834</controlfield><controlfield tag="002">20161230</controlfield><controlfield tag="005">20161230201037</controlfield><controlfield tag="008">060222s1000------------r-----000-0-eng-d</controlfield><datafield ind1=" " ind2=" " tag="080"><subfield code="a">621.38:621.396</subfield></datafield><datafield ind1=" " ind2=" " tag="100"><subfield code="a">Kroupa, Venceslav F</subfield></datafield><datafield ind1=" " ind2=" " tag="245"><subfield code="a">Frequency synthesis.theory, design &amp; applications</subfield></datafield><datafield ind1=" " ind2=" " tag="260"><subfield code="a">London, Griffin, 1973. Xiii + 295p</subfield></datafield><datafield ind1=" " ind2=" " tag="852"><subfield code="a">42725</subfield></datafield></record></collection>